@UNPUBLISHED{OCS,
 author = {J. Leuthold},
 title = {Optical Communication Systems},
 journal = {Lecture Notes},
 year = {WS~2010/2011},
 OPTkey = {},
 OPTvolume = {},
 OPTnumber = {},
 OPTpages = {},
 OPTmonth = {},
 OPTnote = {},
 OPTannote = {},
 OPTurl = {},
 OPTurldate = {},
 OPTlastchecked = {},
 OPTdoi = {},
 OPTisbn = {},
 OPTissn = {},
 OPTlocalfile = {},
 OPTabstract = {},
 OPTkeywords = {},
}
@Book{RZ,
 title = {Systems and Networks},
 publisher = {Elsevier/Academic Press},
 year = {2008},
 author = {Ivan P. Kaminow AND Tingye Li AND Alan Willner},
 ALTeditor = {},
 OPTkey = {},
 OPTvolume = {},
 OPTnumber = {},
 series = {Optical Fiber Telecommunications V},
 address = {Amsterdam},
 OPTedition = {},
 OPTmonth = {},
 OPTnote = {},
 OPTannote = {},
 OPTurl = {},
 OPTurldate = {},
 OPTlastchecked = {},
 OPTdoi = {},
 OPTisbn = {},
 OPTissn = {},
 OPTlocalfile = {},
 OPTabstract = {},
 OPTkeywords = {},
}

