% This file was created with JabRef 2.5.
% Encoding: Cp1252

@BOOK{Colliex,
  title = {Elektronenmikroskopie : eine anwendungsbezogene Einführung},
  publisher = {Wiss. Verl.-ges.},
  year = {2008},
  editor = {Kohl, Helmut [Bearb.]},
  author = {Colliex, Christian},
  address = {Stuttgart},
  bestand = {Universitätsbibliothek Tübingen <21> [Signatur: nat M 6511]; Sächsische
	Landesbibliothek - Staats- und Universitätsbibliothek <14>; Universitätsbibliothek
	Konstanz <352>; Württembergische Landesbibliothek <24> [Signatur:
	57C/3477]; Universitätsbibliothek Leipzig <15>; Universitätsbibliothek
	Heidelberg <16> [Signatur: 2008 H 136]; Karlsruher Institut für Technologie
	(KIT) - KIT-Bibliothek Süd <90> [Signatur: 2008 A 700]; Universitätsbibliothek
	Stuttgart <93> [Signatur: 5C 6733]; Badische Landesbibliothek <31>
	[Signatur: 108 A 51407]; Hochschule Furtwangen, Bibliothek Campus
	Schwenningen <Fn 1/VS>;},
  isbn = {978-3-8047-2399-3},
  keywords = {Elektronenmikroskopie},
  size = {X, 123 S. : Ill., graph. Darst.},
  url = {http://www.gbv.de/dms/ilmenau/toc/550363793.PDF}
}

@PHDTHESIS{Deubel,
  author = {Deubel, Markus},
  title = {Three-dimensional photonic crystals via direct laser writing: fabrication
	and characterization},
  year = {2006},
  address = {Aachen},
  bestand = {Karlsruher Institut für Technologie (KIT) - KIT-Bibliothek Süd <90>
	[Signatur: 2006 DA 60]; Max-Planck-Institut für chemische Physik
	fester Stoffe <D 210> [Signatur: 06 A 199];},
  isbn = {3-8322-4971-0},
  keywords = {Photopolymere / Laserbestrahlung / Mehrstufenprozess / Photonischer
	Kristall ; Arsensulfide / Photonischer Kristall},
  publisher = {Shaker},
  series = {Berichte aus der Physik},
  size = {XII, 168 S. : Ill. graph. Darst.},
  url = {http://swbplus.bsz-bw.de/bsz252812697abs.htm}
}

@UNPUBLISHED{Carsten,
  author = {Eschenbaum, Carsten},
  title = {Zusatzmaterial zum Laborversuch},
  owner = {wo},
  timestamp = {2011.01.29}
}

@MISC{Versuchsanleitung,
  author = {Eschenbaum, Carsten},
  title = {Laboratory Nanotechnology - Experiment: Direct laser writing and
	scanning electron microscopy},
  howpublished = {Versuchsanleitung, Lichttechnisches Institut, Karlsruher Institut
	für Technologie},
  owner = {wo},
  timestamp = {2011.01.22}
}

@ARTICLE{Multiphoton,
  author = {Linjie Li and John T. Fourkas},
  title = {Multiphoton polymerization},
  journal = {Materials Today},
  year = {2007},
  volume = {10},
  pages = {30 - 37},
  number = {6},
  doi = {DOI: 10.1016/S1369-7021(07)70130-X},
  issn = {1369-7021},
  url = {http://www.sciencedirect.com/science/article/B6X1J-4NRSXR9-R/2/0ea7bc414e976550b4a7fec5aafec685}
}

@BOOK{Reimer,
  title = {Scanning electron microscopy: physics of image formation and microanalysis},
  publisher = {Springer},
  year = {1998},
  author = {Reimer, Ludwig},
  series = {Springer series in optical sciences ; 45},
  address = {Berlin},
  edition = {2., completely rev. and updated ed.},
  bestand = {Universitätsbibliothek Tübingen <21> [Signatur: 38 A 12497]; Universität
	Tübingen, Fachbibliothek Mathematik und Physik <21/98> [Signatur:
	Reim]; Universität Freiburg, Fakultätsbibliothek Physik <25/34> [Signatur:
	Frei 34: O 216a]; Universität des Saarlandes, Leibniz Institut f.
	Neue Materialien <291/415>; Universität des Saarlandes, Physik und
	Elektrotechnik <291/417> [Signatur: 80/UH 6300 R363 S2(2)]; Sächsische
	Landesbibliothek - Staats- und Universitätsbibliothek <14> [Signatur:
	1998 8 015145]; Universitätsbibliothek Konstanz <352> [Signatur:
	phy 772/r24b(2)]; Württembergische Landesbibliothek <24> [Signatur:
	48/13970]; Universitätsbibliothek Heidelberg <16> [Signatur: 98 H
	647]; Karlsruher Institut für Technologie (KIT) - KIT-Bibliothek
	Süd <90> [Signatur: 86 A 202(2)]; KIT, Campus Süd, Bibliothek der
	Fakultät für Informatik <90/148>; Karlsruher Institut für Technologie
	(KIT), KIT-Bibliothek Nord <Ka 85> [Signatur: S 379-45(2.ed.)]; Universitätsbibliothek
	Stuttgart <93> [Signatur: 3C 2698(2)-45]; Badische Landesbibliothek
	<31> [Signatur: 99 A 2324]; Kommunikations- u. Informationszentrum
	Universität Ulm (kiz) <289> [Signatur: QC 447/1998 R]; TU Bergakademie
	Freiberg, Universitätsbibliothek <105> [Signatur: 98.9363 8.]; Hochschule
	für Technik und Wirtschaft <520> [Signatur: UH 6300-07 1831]; Forschungszentrum
	Dresden-Rossendorf e. V. <D 120>; Hochschule Esslingen, Standort
	Göppingen <972> [Signatur: Yc Rei]; Max-Planck-Institut für chemische
	Physik fester Stoffe <D 210> [Signatur: 98 A 553];},
  isbn = {3-540-63976-4},
  keywords = { ; Scanning electron microscopy ; Rasterelektronenmikroskopie},
  size = {527 S.},
  url = {http://swbplus.bsz-bw.de/bsz069138869cov.htm ; http://www.ulb.tu-darmstadt.de/tocs/59364904.pdf}
}

